<collection xmlns="http://www.loc.gov/MARC21/slim">
<record>
  <leader>01728nam0a22003371i 450 </leader>
  <controlfield tag="001">IT\ICCU\CNCE\025072</controlfield>
  <controlfield tag="005">20171113000000.0</controlfield>
  <datafield tag="012" ind1=" " ind2=" ">
    <subfield code="a">l-r- 54i- e,se Thco (3) 1589 (R)</subfield>
    <subfield code="2">fei</subfield>
  </datafield>
  <datafield tag="100" ind1=" " ind2=" ">
    <subfield code="a">19970923d1589        0itac0103    ba</subfield>
  </datafield>
  <datafield tag="101" ind1=" " ind2=" ">
    <subfield code="a">ITA</subfield>
  </datafield>
  <datafield tag="102" ind1=" " ind2=" ">
    <subfield code="a">IT</subfield>
  </datafield>
  <datafield tag="200" ind1="1" ind2=" ">
    <subfield code="a">Cento casi di  coscienza ... Ristampati di nuouo con la gionta d&apos;alcuni casi de&apos; cambij, &amp; un trattato de&apos; censi ...</subfield>
  </datafield>
  <datafield tag="210" ind1=" " ind2=" ">
    <subfield code="a">In Venetia</subfield>
    <subfield code="c">appresso Giacomo Cornetti</subfield>
    <subfield code="d">1589</subfield>
  </datafield>
  <datafield tag="215" ind1=" " ind2=" ">
    <subfield code="a">\24!, 422 \i.e. 432! p.</subfield>
    <subfield code="d">12ʻ</subfield>
  </datafield>
  <datafield tag="620" ind1=" " ind2=" ">
    <subfield code="a">IT</subfield>
    <subfield code="d">Venezia</subfield>
  </datafield>
  <datafield tag="700" ind1=" " ind2="1">
    <subfield code="a">Razzi,</subfield>
    <subfield code="b">Serafino</subfield>
    <subfield code="3">IT\ICCU\CNCA\004498</subfield>
  </datafield>
  <datafield tag="712" ind1="0" ind2="0">
    <subfield code="a">Cornetti, Giacomo</subfield>
    <subfield code="3">IT\ICCU\CNCT\000119</subfield>
    <subfield code="4">650</subfield>
  </datafield>
  <datafield tag="791" ind1="0" ind2="0">
    <subfield code="a">Cornetti, Iacomo</subfield>
    <subfield code="3">IT\ICCU\CNCT\004676</subfield>
    <subfield code="z">Cornetti, Giacomo</subfield>
  </datafield>
  <datafield tag="791" ind1="0" ind2="0">
    <subfield code="a">Cornettus, Iacobus</subfield>
    <subfield code="3">IT\ICCU\CNCT\004677</subfield>
    <subfield code="z">Cornetti, Giacomo</subfield>
  </datafield>
  <datafield tag="801" ind1=" " ind2="3">
    <subfield code="a">IT</subfield>
    <subfield code="b">ICCU</subfield>
    <subfield code="c">20201114</subfield>
  </datafield>
  <datafield tag="899" ind1=" " ind2=" ">
    <subfield code="a">Biblioteca del Seminario vescovile. Asti</subfield>
    <subfield code="1">AT0005</subfield>
    <subfield code="2">TO0 45</subfield>
  </datafield>
  <datafield tag="899" ind1=" " ind2=" ">
    <subfield code="a">Biblioteca provinciale dei Frati minori dell&apos;Emilia. Sezione Biblioteca dell&apos;Osservanza. Bologna</subfield>
    <subfield code="1">BO0336</subfield>
    <subfield code="2">ZBO 41</subfield>
  </datafield>
  <datafield tag="899" ind1=" " ind2=" ">
    <subfield code="a">Biblioteca francescano-cappuccina provinciale. Milano</subfield>
    <subfield code="1">MI0183</subfield>
    <subfield code="2">ZMI 51</subfield>
  </datafield>
  <datafield tag="899" ind1=" " ind2=" ">
    <subfield code="a">Biblioteca dei Servi. Milano</subfield>
    <subfield code="1">MI0365</subfield>
    <subfield code="2">PBE F1</subfield>
  </datafield>
  <datafield tag="899" ind1=" " ind2=" ">
    <subfield code="a">Biblioteca civica. Padova</subfield>
    <subfield code="1">PD0090</subfield>
    <subfield code="2">PUV 55</subfield>
  </datafield>
  <datafield tag="899" ind1=" " ind2=" ">
    <subfield code="a">Biblioteca vescovile. Assisi</subfield>
    <subfield code="1">PG0011</subfield>
    <subfield code="2">PBE 59</subfield>
  </datafield>
  <datafield tag="899" ind1=" " ind2=" ">
    <subfield code="a">Biblioteca comunale. Citerna</subfield>
    <subfield code="1">PG0028</subfield>
    <subfield code="2">UM1 67</subfield>
  </datafield>
  <datafield tag="899" ind1=" " ind2=" ">
    <subfield code="a">Biblioteca comunale Giosu ̈Carducci. Citt ̉di Castello</subfield>
    <subfield code="1">PG0032</subfield>
    <subfield code="2">UM1 05</subfield>
  </datafield>
  <datafield tag="899" ind1=" " ind2=" ">
    <subfield code="a">Biblioteca civica Bertoliana. Vicenza</subfield>
    <subfield code="1">VI0096</subfield>
    <subfield code="2">VIA BE</subfield>
  </datafield>
  <datafield tag="911" ind1=" " ind2=" ">
    <subfield code="a">Sul front.</subfield>
    <subfield code="9">IT\ICCU\CNCM\000942</subfield>
  </datafield>
  <datafield tag="921" ind1=" " ind2=" ">
    <subfield code="a">IT\ICCU\CNCM\000942</subfield>
    <subfield code="b">Due cornacchie su un piedistallo ai lati di uno scettro. In cornice.</subfield>
    <subfield code="e">Concordia res parvae crescunt</subfield>
    <subfield code="c">U46</subfield>
    <subfield code="d">Dimensioni: 3,2 x 4</subfield>
    <subfield code="f">CONCORDIAR</subfield>
    <subfield code="f">CORNACCHIE</subfield>
    <subfield code="g">1586-1592</subfield>
  </datafield>
</record>
</collection>
